<?xml version="1.0" encoding="UTF-8"?><collection xmlns="http://www.loc.gov/MARC21/slim"><record><leader>00584nam--2200157-i-4500</leader><controlfield tag="001">000033256</controlfield><controlfield tag="002">20161230</controlfield><controlfield tag="005">20170118171642</controlfield><controlfield tag="008">060222s1000------------r-----000-0-eng-d</controlfield><datafield ind1=" " ind2=" " tag="080"><subfield code="a">658.562</subfield></datafield><datafield ind1=" " ind2=" " tag="245"><subfield code="a">Metode moderne de organizare a controlului statistic al calitatii. Studiu documentar referitor la organizarea activitatii de control al calitatii productiei</subfield></datafield><datafield ind1=" " ind2=" " tag="260"><subfield code="a">Bucuresti</subfield><subfield code="b">Centrul De Documentare Si Publicatii Al Ministerului Muncii</subfield><subfield code="c">1973</subfield></datafield><datafield ind1=" " ind2=" " tag="300"><subfield code="a">101 p</subfield></datafield><datafield ind1=" " ind2=" " tag="490"><subfield code="a">Colectia -conducerea Si Organizarea Productiei</subfield></datafield><datafield ind1=" " ind2=" " tag="852"><subfield code="a">42905</subfield></datafield><datafield ind1=" " ind2=" " tag="CAT"><subfield code="a">SYS</subfield><subfield code="c">20170118</subfield><subfield code="h">171642</subfield></datafield></record></collection>